2704 3343
359 339 418 380 De
448 349 520 378 um
550 337 735 377 variarum
767 337 881 377 natu
904 336 1111 389 partini-e
1134 336 1341 376 formarum
1367 335 1543 375 Plautino
1567 335 1663 374 haee
1688 329 2079 376 obarmans-nte
2103 337 2253 377 voealea

256 407 297 441 et
320 403 347 440 Ιι
370 404 536 440 litteram
569 413 721 451 semper
749 402 940 439 aen-ibitur-
958 401 1025 444 ab,
1055 400 1207 448 anteb,
1240 398 1285 443 ο,
1314 402 1348 449 t,
1368 399 1448 449 plo,
1467 411 1508 448 y,
1534 412 1586 443 m,
1608 412 1652 448 p,
1678 411 1702 436 ο
1727 400 1875 437 Ιίιιοηε
1901 412 2057 451 semper
2081 414 2125 445 a,-
2151 413 2252 439 non·

253 474 444 514 nunquam
468 463 617 513 quiden
643 462 884 502 editum-11»
909 463 982 501 hae
1006 462 1091 513 lege
1116 462 1315 501 diaoedunt
1338 462 1466 500 invitia
1492 461 1618 508 codd„
1646 461 1746 511 quod
1770 473 1847 500 non
1872 459 2071 510 feeiaaent,
2096 464 2172 502 niai
2196 461 2253 501 di-

252 527 416 576 ligenter
441 525 625 564 eiusmodi
650 525 827 578 minutiae
852 528 1037 574 quaerero
1059 525 1160 563 infra
1178 537 1228 562 >ae
1252 526 1419 574 positum
1445 525 1738 569 abitt-arentum
1764 524 1953 562 interdum
1968 517 2083 562 etiam
2100 526 2141 562 in
2157 525 2253 575 ipsi·

254 587 362 625 codd.
387 588 644 633 inveniuntur,
671 599 773 638 quae
791 587 959 636 reliquae
985 588 1282 625 eertitaimorum
1308 587 1566 637 exemplorum
1590 588 1722 636 copiae
1747 592 1976 636 repugnent,
2001 588 2105 625 velut
2131 587 2179 625 ab
2195 599 2254 625 me

254 649 390 688 Pseud.
416 647 464 697 4,
488 647 534 696 6,
556 645 624 687 26.
659 647 735 700 (of.
762 662 799 700 p.
818 647 856 688 7.
874 653 953 688 not.
978 647 1016 687 4.
1026 649 1055 698 ).
1107 648 1151 687 In
1176 659 1285 687 usum
1312 660 1463 695 eorum,
1497 650 1560 699 qui
1586 649 1770 687 eiu-modi
1797 661 1860 687 rea
1886 660 1962 688 non
1987 654 2253 696 contemnunt,

253 712 475 751 adiment-r
498 712 538 750 h.
565 711 589 750 Ι.
617 713 788 763 exempla
811 713 896 763 ipsa
921 716 1074 763 praeter
1099 718 1162 760 ea,
1189 722 1285 762 qnae
1311 716 1398 752 aute
1415 724 1452 750 m
1469 716 1553 762 etp
1570 712 1717 750 litterae
1733 713 1991 762 reperiuntur,
2017 717 2113 762 quae
2130 712 2253 751 ubivis

252 774 337 813 fere
363 775 472 813 obvia
497 775 585 813 sint.
636 775 737 814 Ante
761 775 785 813 b
811 776 927 825 igitur
951 776 1047 814 haee
1069 780 1180 814 suun
1216 788 1242 813 a
1266 774 1437 820 balineis,
1470 775 1585 814 Poen.
1611 774 1657 822 5,
1690 774 1734 820 2,
1773 773 1833 813 16.
1875 775 2064 823 'Pet-a.‚1,
2091 773 2136 822 3,
2166 773 2252 822 10.;

253 841 342 876 ante
366 848 407 874 e.-
433 849 459 874 a
488 834 659 881 Callicle,
685 837 793 875 Trin.
818 836 858 884 2,
883 836 922 884 4,
947 836 985 875 2.
1014 835 1076 876 18.
1103 850 1129 875 a
1153 836 1339 883 mulibach,
1367 838 1481 875 Truc.
1508 836 1547 884 3,
1573 836 1612 884 2,
1641 835 1702 875 18.
1729 850 1755 875 a
1781 838 1883 884 cibo,
1915 838 2026 875 Cure.
2057 836 2093 884 l,
2119 835 2159 883 3,
2184 835 2251 876 30.

252 912 279 936 a
304 898 511 942 dimas,
538 899 645 937 Trin.
670 898 710 945 2,
736 898 776 944 4,
800 898 865 937 70.
892 913 917 937 α
943 913 1076 943 eom,
1102 900 1220 938 Most.
1244 900 1284 946 2,
1309 899 1349 945 2,
1374 899 1439 938 54.
1466 913 1495 937 a
1519 898 1747 948 Gonyn‘one,
1773 901 1858 937 Aul.
1884 898 1923 945 2,·
1947 897 2052 955 ab.
2079 913 2105 937 a
2122 911 2253 943 vomu,

250 960 357 999 Pera.
383 960 423 1007 2,
446 960 486 1008 5,
514 958 576 999 16.
602 974 628 999 a
654 973 780 999 erasto
805 960 1028 1011 informato,
1053 959 1149 999 Rufi.
1175 959 1214 1007 3,
1239 960 1279 1007 5,
1304 958 1370 999 53.
1395 973 1422 998 a
1446 961 1551 998 mio
1577 960 1666 1009 inf„
1691 959 1828 998 Pseud.
1853 958 1894 1006 4,
1918 958 1958 1006 7,
1983 959 2047 999 44.
2075 974 2101 998 o
2126 960 2250 1011 culpo,

250 1022 366 1060 Poen.
392 1021 431 1069 5,
457 1022 496 1069 4,
525 1020 586 1061 13.
612 1027 701 1060 ante
722 1025 775 1072 [1.-
801 1036 826 1060 o
848 1023 989 1073 fabris,
1017 1023 1132 1060 Most.
1161 1021 1198 1068 1,
1223 1021 1262 1068 2,
1288 1021 1353 1060 50.
1380 1034 1406 1059 a
1426 1022 1588 1071 fou-Ibus,
1617 1022 1754 1071 Amph.
1783 1020 1820 1068 1,
1848 1020 1884 1068 1,
1915 1019 2003 1060 113.
2032 1021 2068 1068 1,
2094 1022 2132 1069 2,
2155 1022 2194 1060 2.
2211 1022 2251 1061 5.

249 1085 366 1123 Most.
393 1084 431 1132 2,
460 1084 495 1132 l,
521 1084 583 1124 82.
611 1084 650 1132 3,
675 1084 714 1132 2,
743 1084 829 1124 167.
859 1086 962 1124 Men.
989 1085 1026 1133 1,
1052 1084 1091 1133 2,
1117 1083 1181 1124 48.
1207 1099 1232 1124 a
1253 1088 1344 1135 foro
1369 1085 1538 1134 saepius,
1563 1098 1589 1122 a
1601 1086 1741 1134 fratre,
1767 1084 1851 1123 Aul.
1877 1083 1917 1130 4,
1943 1083 1982 1131 ⁷,
2007 1082 2046 1123 6.
2073 1099 2098 1123 a
2110 1086 2251 1135 fianda-

250 1151 386 1190 mento,
412 1147 508 1185 Rud.
534 1146 578 1194 2,
603 1142 648 1192 6,
674 1146 758 1194 55.;
791 1149 880 1186 hine
905 1153 1011 1186 reete
1036 1148 1137 1186 haud
1162 1148 1274 1185 dubie
1302 1148 1481 1185 scribitur
1507 1146 1626 1184 Stich.
1653 1146 1699 1193 4,
1727 1146 1769 1193 1,
1798 1144 1860 1185 18.
1887 1148 2031 1197 affixeris
2054 1160 2125 1198 pro
2152 1149 2251 1197 vulg.

248 1210 431 1260 abfueris,
458 1208 779 1259 cssp.27.not.3.;
807 1214 897 1247 ante
908 1210 965 1259 pla
982 1210 1042 1247 hia
1058 1211 1099 1247 in
1117 1210 1329 1247 nominibus
1346 1210 1531 1258 propriis:
1557 1221 1583 1245 a
1608 1208 1878 1252 Philolachete,
1906 1210 2023 1247 Moat.
2049 1210 2093 1256 4,
2120 1208 2158 1257 3,
2188 1209 2248 1248 19.

248 1286 280 1309 α’
298 1272 587 1318 Philocomasio,
614 1272 697 1309 Min.
723 1270 762 1318 4,
787 1270 826 1317 5,
851 1270 890 1309 2.
918 1276 1005 1309 ante
1027 1284 1056 1320 9
1081 1283 1197 1309 unum
1222 1278 1283 1309 eat
1307 1271 1519 1320 exemplum
1547 1284 1572 1308 a
1593 1271 1766 1320 gentibus,
1793 1271 1889 1309 aad.
1920 1269 1954 1317 1,
1980 1270 2020 1317 5,
2046 1270 2132 1318 22.;
2159 1278 2248 1311 ante

247 1348 290 1372 v.-
316 1347 342 1372 a
365 1334 510 1377 vicino,
537 1333 620 1371 Mil.
647 1333 685 1380 2,
714 1332 751 1379 1,
777 1330 841 1371 76.
867 1346 894 1371 α
919 1331 1060 1376 villico,
1093 1332 1177 1371 Cas.
1206 1331 1244 1378 2,
1271 1329 1310 1379 3,
1334 1331 1399 1370 51.
1426 1345 1452 1370 a
1476 1333 1575 1376 m‘ro,
1608 1334 1692 1371 Am.
1718 1330 1756 1378 3,
1783 1330 1827 1379 2,
1854 1330 1893 1370 2.
1928 1332 2009 1371 ΜίΙ.
2036 1329 2082 1381 4,
2108 1332 2154 1380 8,
2184 1333 2246 1373 11.

246 1396 368 1436 Mero.
393 1395 432 1442 4,
461 1395 497 1442 1,
525 1394 561 1433 1.
589 1396 707 1433 Stich.
736 1394 772 1442 l,
798 1393 836 1442 2,
862 1393 927 1433 91.
954 1407 979 1432 a
1004 1395 1099 1439 vita,
1126 1395 1231 1433 Asin.
1256 1392 1296 1440 3,
1321 1391 1360 1440 3,
1388 1392 1451 1432 17.
1478 1394 1614 1432 Bacch.
1640 1392 1685 1440 2,
1711 1391 1757 1441 3,
1785 1392 1874 1432 108.
1900 1407 1926 1432 u
1951 1394 2072 1440 vobis,
2105 1397 2246 1446 Amph.

245 1471 303 1509 pr.
328 1456 393 1496 25.
419 1455 482 1495 33.
507 1455 571 1496 48.
598 1457 705 1507 capt.
732 1456 771 1503 4,
797 1455 836 1503 2,
861 1456 925 1494 24.
952 1457 1089 1494 Bacch.
1115 1455 1154 1500 2,
1178 1453 1217 1503 3,
1241 1454 1307 1494 61.
1334 1457 1417 1494 ΜίΙ.
1443 1455 1482 1503 4,
1508 1454 1547 1503 2,
1572 1454 1637 1493 92.
1664 1456 1780 1493 Poen.
1805 1453 1846 1502 3,
1864 1452 1910 1502 0,
1937 1454 2002 1494 10.
2027 1457 2124 1494 nuel.
2142 1457 2182 1504 2,
2207 1457 2248 1505 4,

247 1519 310 1559 17.
336 1532 363 1557 a
387 1520 537 1562 vose-is,
574 1519 670 1556 Rud.
699 1517 741 1564 l,
767 1517 813 1564 2,
841 1517 877 1555 1.
903 1539 957 1546 —
982 1520 1083 1555 Ante
1108 1519 1272 1566 reliquas
1298 1523 1550 1556 consonantes
1578 1525 1643 1555 aut
1668 1522 1888 1555 constanter
1912 1518 1961 1555 ab
1988 1524 2159 1557 servatur
2184 1526 2250 1559 aut

244 1584 364 1622 variat
389 1594 498 1629 uana;
525 1586 612 1620 ante
638 1582 654 1619 i
679 1585 720 1620 et
744 1593 765 1618 r
792 1593 944 1632 semper
969 1580 1017 1619 ab
1043 1581 1238 1620 aeribiturz
1256 1580 1311 1619 ab
1337 1581 1469 1625 imma,
1495 1581 1601 1620 Asin.
1628 1578 1666 1628 2,
1692 1577 1731 1627 4,
1759 1577 1822 1619 18.
1860 1580 1976 1619 Most.
2006 1579 2042 1629 1,
2071 1580 2106 1629 1,
2134 1579 2173 1621 8.
2207 1580 2249 1637 2,

243 1644 283 1692 2,
308 1643 373 1684 80.
399 1644 503 1682 Men.
531 1642 567 1690 l,
593 1643 632 1690 2,
660 1641 722 1681 18.
749 1644 796 1680 ab
822 1645 946 1686 iustis,
972 1644 1109 1692 Amph.
1136 1656 1194 1692 pr.
1219 1642 1283 1681 34.
1309 1642 1374 1680 35.
1401 1644 1449 1681 ab
1475 1644 1675 1685 ἰκοσηῠιΐε,
1703 1643 1818 1680 Poen.
1844 1642 1884 1689 5,
1911 1645 1949 1690 4,
1977 1642 2039 1681 10.
2066 1645 2115 1682 ab
2140 1640 2245 1683 radi-

245 1708 366 1756 cibus,
392 1708 476 1746 Aul.
502 1705 541 1754 2,
565 1705 604 1753 2,
631 1704 695 1744 72.
721 1706 768 1744 ab
794 1718 852 1750 re,
879 1707 984 1745 Asin.
1013 1705 1049 1753 l,
1074 1703 1113 1752 3,
1139 1704 1203 1744 71.
1231 1705 1339 1755 Capt.
1365 1704 1404 1753 2,
1429 1704 1468 1753 2,
1494 1703 1559 1744 88.
1586 1705 1693 1744 Trin.
1719 1703 1757 1753 2,
1778 1703 1814 1753 l,
1843 1703 1905 1744 12.
1933 1705 2046 1745 True.
2067 1705 2104 1754 l,
2125 1706 2161 1755 1,
2178 1705 2246 1747 26.

244 1769 283 1819 2,
308 1767 347 1818 6,
374 1768 438 1808 40.
464 1769 511 1807 ab
537 1781 579 1806 re
604 1769 751 1813 divina,
782 1768 898 1806 Poen.
927 1766 971 1815 1,
996 1766 1044 1815 2,
1072 1765 1161 1806 193.
1199 1765 1244 1814 3,
1270 1765 1316 1814 3,
1342 1765 1380 1805 4.
1405 1789 1461 1796 -
1495 1768 1595 1806 Ante
1622 1781 1648 1818 q
1673 1769 1839 1806 litteram
1866 1769 1986 1806 semel
2012 1769 2079 1806 abs
2105 1770 2245 1820 legitur

243 1834 350 1872 Men.
374 1831 413 1880 2,
438 1831 477 1878 2,
503 1830 567 1869 70.
620 1831 697 1869 Abs
722 1844 816 1881 qua,
842 1832 882 1868 in
907 1831 1064 1879 reliquis
1089 1831 1271 1880 exemplis
1297 1843 1343 1867 a.-
1370 1843 1395 1867 a
1412 1831 1591 1880 quadam,
1619 1831 1713 1868 cist.
1731 1829 1770 1876 4,
1785 1829 1824 1877 2,
1841 1828 1906 1868 70.
1933 1844 1960 1868 α
1977 1834 2240 1882 quaestoribus,

243 1897 351 1946 Gapt.
377 1893 416 1941 2,
442 1892 480 1939 3,
504 1892 569 1933 93.
597 1907 622 1932 a
648 1894 841 1944 quiqam,
876 1892 983 1931 Pera.
1008 1890 1048 1939 4,
1073 1890 1112 1939 3,
1137 1890 1175 1931 8.
1202 1905 1227 1930 α
1254 1904 1347 1943 quo,
1374 1892 1484 1942 Epid.
1512 1890 1549 1939 1,
1574 1891 1613 1939 2,
1638 1891 1704 1931 40.
1730 1892 1827 1931 Rud.
1852 1890 1891 1940 2,
1915 1890 1954 1940 6,
1981 1892 2045 1932 71.
2073 1895 2141 1933 aed
2158 1896 2197 1933 h.
2217 1897 2245 1935 1.

242 1959 419 1996 Ambroe.
446 1956 520 2005 pal.
550 1954 634 1998 Quo
660 1954 708 1992 ab
734 1967 829 2000 arv-,3
856 1955 896 1991 in
922 1954 1151 2003 anastrophe
1178 1966 1331 2004 semper
1355 1954 1404 1992 ab
1429 1955 1708 2003 requirebatur,
1744 1956 1845 1993 velut
1868 1956 1974 1993 Asin.
2002 1955 2046 2003 1,
2082 1955 2123 2003 1,
2153 1956 2242 1996 106.

241 2032 311 2057 nee
336 2031 411 2070 quo
436 2018 483 2055 ab
509 2029 662 2060 caveas,
688 2029 775 2054 nam
801 2020 889 2054 ante
914 2028 938 2052 c
963 2027 1039 2052 non
1065 2015 1244 2053 scribitur
1270 2015 1328 2053 ab.
1380 2016 1481 2053 Ante
1508 2016 1555 2052 cla
1581 2017 1641 2054 his
1668 2030 1710 2060 a,
1738 2017 1857 2054 semel
1884 2017 1951 2054 abe
1975 2018 2181 2056 invenitur.
2214 2033 2240 2057 a

245 2081 465 2125 Charmade,
492 2079 599 2118 Trin.
624 2077 664 2126 4,
689 2076 728 2126 2,
756 2076 843 2117 124.
870 2091 895 2116 a
921 2076 1100 2128 choo-ayo,
1132 2077 1183 2116 ib.
1210 2089 1245 2116 V.
1273 2075 1335 2117 16.
1363 2077 1429 2116 aba
1453 2077 1637 2129 chor-ayo,
1664 2078 1770 2117 Pers.
1799 2077 1836 2126 1,
1862 2076 1900 2129 3,
1925 2076 1990 2119 97.
2016 2102 2070 2110 -
2097 2085 2197 2122 Ante
2220 2095 2241 2122 e

241 2158 363 2198 paene
388 2147 605 2182 constanter
629 2142 677 2179 ab
704 2150 893 2180 servatur:
918 2141 966 2178 ab
991 2140 1131 2184 saeclo,
1158 2139 1241 2178 Mil.
1267 2138 1306 2186 4,
1332 2138 1371 2187 2,
1397 2139 1461 2178 87.
1498 2141 1565 2190 (cf.
1591 2154 1629 2191 p.
1655 2139 1694 2179 6.
1722 2146 1800 2180 not.
1829 2141 1883 2191 1.)
1916 2142 1963 2179 ab
1995 2155 2109 2189 saa-o,
2143 2144 2240 2182 llud.

243 2222 301 2260 pr.
327 2205 391 2246 76.
421 2207 463 2253 1,
491 2205 537 2252 2,
562 2203 626 2243 76.
661 2205 708 2242 ab
735 2217 775 2242 se
800 2205 879 2242 aive
904 2216 1001 2242 sese.-
1027 2205 1131 2241 Asin.
1155 2202 1194 2250 4,
1215 2202 1250 2250 l,
1276 2200 1340 2240 29.
1366 2204 1448 2253 (ubi
1465 2205 1577 2252 vulgo
1595 2204 1677 2247 abs,
1705 2205 1753 2241 ef.
1771 2218 1808 2254 p.
1826 2202 1889 2242 26.
1908 2210 1985 2242 not.
2007 2204 2098 2255 10.).
2125 2206 2235 2258 Capt.

240 2268 280 2318 3,
307 2269 345 2317 1,
372 2267 434 2307 1⁰.
461 2268 572 2318 Epid.
601 2266 641 2314 2,
664 2265 703 2314 2,
728 2264 767 2304 9.
794 2267 897 2304 Men.
925 2265 962 2313 1,
988 2264 1027 2313 2,
1052 2263 1117 2304 66.
1143 2264 1182 2312 4,
1207 2264 1246 2312 2,
1274 2262 1361 2303 108.
1387 2264 1425 2312 5,
1452 2263 1492 2311 2,
1515 2263 1579 2303 63.
1613 2266 1696 2303 Mil.
1723 2263 1761 2311 3,
1787 2264 1825 2312 2,
1850 2264 1915 2303 55.
1942 2265 1981 2313 4,
2007 2265 2047 2313 4,
2075 2266 2139 2307 10.
2173 2268 2237 2308 12.

239 2332 279 2379 4,
305 2330 344 2379 6,
372 2330 434 2368 17.
461 2330 582 2367 Mero.
610 2328 646 2374 l,
674 2327 710 2375 1,
736 2327 800 2366 55.
825 2327 862 2372 2,
891 2328 928 2375 1,
956 2326 1018 2366 19.
1044 2326 1082 2374 2,
1109 2325 1148 2375 3,
1172 2327 1237 2365 22.
1265 2328 1382 2365 Stich.
1410 2327 1446 2374 1,
1471 2325 1509 2373 3,
1535 2325 1600 2365 99.
1628 2327 1733 2365 Trin.
1760 2327 1798 2374 2,
1825 2326 1864 2374 4,
1892 2326 1980 2367 156.
2008 2328 2121 2368 Truc.
2139 2330 2179 2377 4,
2197 2330 2236 2379 3,

239 2393 303 2433 78.
356 2393 519 2441 Propter
542 2395 684 2429 tantam
711 2391 967 2440 exemplem
993 2391 1140 2440 copiam
1166 2403 1242 2428 non
1268 2391 1397 2428 dubito
1433 2391 1522 2440 quin
1554 2391 1667 2428 etiam
1694 2391 1776 2428 Mil.
1802 2389 1851 2437 4,
1876 2388 1922 2437 6,
1947 2389 2011 2429 62.
2045 2392 2093 2430 ab
2119 2406 2160 2431 se
2186 2396 2239 2434 ait

239 2448 512 2495 restituendum
537 2464 610 2502 pro
635 2453 733 2502 vulg.
760 2464 785 2489 a
810 2464 860 2489 se.
886 2473 940 2480 —-
966 2452 1013 2489 ab
1038 2453 1163 2502 siquo,
1191 2452 1286 2490 aad.
1312 2451 1351 2499 3,
1377 2451 1416 2499 3,
1443 2451 1505 2490 10.
1532 2453 1578 2489 ab
1595 2453 1721 2495 εἰηιία,
1748 2453 1867 2490 Mete.
1894 2451 1932 2499 2,
1960 2454 1996 2498 l,
2021 2452 2086 2492 25.
2113 2455 2161 2493 ab
2178 2468 2236 2493 so-

239 2518 337 2561 dali,
363 2516 501 2553 Baeeh.
527 2513 566 2561 2,
589 2513 629 2562 2,
658 2513 720 2552 10.
747 2514 795 2551 ab
820 2516 953 2564 stirpe,
981 2514 1088 2551 Trin.
1116 2513 1153 2561 1,
1178 2514 1218 2561 2,
1245 2512 1338 2552 180.
1359 2515 1408 2552 ab
1433 2527 1588 2558 mmo,
1615 2515 1721 2552 Asin.
1746 2512 1784 2561 5,
1809 2513 1847 2560 2,
1864 2513 1928 2551 41.
1956 2515 2039 2552 ΜίΙ.
2055 2514 2096 2562 4,
2113 2515 2153 2563 Δ,
2174 2517 2237 2556 15.

240 2579 307 2630 (ef.
333 2591 371 2628 p.
397 2575 540 2615 3.·not.
565 2574 622 2625 4.)
654 2580 786 2614 eontra
811 2589 836 2613 a
867 2587 1021 2619 summo,
1056 2575 1163 2614 Pera.
1188 2575 1235 2622 5,
1263 2575 1304 2623 1,
1333 2574 1395 2614 19.
1430 2589 1637 2625 quanquam
1665 2578 1777 2614 etiam
1803 2577 1841 2613 h.
1868 2577 1893 2613 1.
1921 2576 1968 2614 ab
1994 2579 2237 2619 scribendum

238 2647 351 2693 pnto3
377 2639 424 2678 ab
449 2639 615 2684 munis,
641 2638 751 2689 Gapt.
777 2636 816 2685 2,
840 2636 880 2685 2,
906 2636 971 2676 29.
997 2637 1043 2675 ab
1069 2650 1154 2682 mo,
1180 2637 1317 2676 Baeoh.
1344 2637 1383 2685 4,
1409 2636 1448 2685 9,
1475 2637 1512 2677 7.
1539 2639 1635 2677 Rud.
1661 2636 1706 2685 4,
1733 2636 1778 2686 3,
1807 2636 1895 2677 1⁰0.
1927 2638 1975 2676 ab
2000 2640 2096 2685 mis,
2131 2642 2238 2682 Men.

237 2704 277 2752 5,
301 2701 341 2751 6,
367 2700 405 2741 8.
432 2713 545 2740 unum
571 2706 633 2739 est
657 2701 697 2739 in
723 2701 875 2739 nomine
892 2701 1046 2752 proprio
1065 2701 1293 2751 exemplum,
1320 2701 1419 2750 quod
1436 2702 1656 2751 impugnare
1674 2713 1749 2739 non
1767 2701 1905 2747 audeo,
1932 2701 2045 2752 Epid.
2062 2701 2102 2750 2,
2119 2702 2236 2751 266.

238 2780 264 2806 a
289 2763 550 2815 Stratippocle.
575 2784 629 2792 —
653 2764 873 2802 Promiaeue
899 2778 924 2801 a
949 2769 990 2802 et
1014 2763 1062 2801 ab
1087 2768 1277 2814 ponuntur
1301 2769 1388 2801 ante
1414 2764 1461 2806 d,
1485 2763 1517 2807 1,
1542 2776 1569 2800 n
1594 2765 1759 2801 litteras:
1785 2776 1811 2800 a
1836 2764 1956 2809 datis,
1989 2765 2106 2804 True.
2133 2766 2171 2811 2,
2200 2767 2237 2816 1,

237 2828 302 2870 30.
328 2841 354 2867 a
377 2828 458 2872 dia,
483 2826 579 2865 Rud.
606 2839 664 2877 pr.
691 2825 755 2865 26.
782 2827 891 2878 Gapt.
916 2825 956 2874 4,
984 2824 1020 2873 1,
1049 2824 1110 2864 10.
1138 2826 1255 2864 Stich.
1282 2824 1326 2873 2,
1355 2824 1399 2872 1,
1425 2824 1489 2864 24.
1525 2826 1573 2864 ab
1599 2827 1676 2869 dis,
1710 2827 1848 2877 Amph.
1874 2840 1934 2878 pr.
1962 2825 2026 2866 12.
2064 2829 2169 2868 Pera.
2196 2829 2235 2879 5,
