2704 3343
232 378 269 427 7,
295 377 362 419 39.
417 377 528 429 cepi,
555 379 767 428 expugnavi
793 378 934 416 amanti
960 376 1134 426 erilifilio
1151 389 1282 416 aarum
1299 376 1346 414 ab
1371 388 1439 414 suo
1460 380 1593 425 patre,
1621 377 1757 415 Bacch.
1776 375 1814 423 4,
1831 374 1869 423 9,
1888 376 1925 415 7.
1979 375 2081 415 Nam
2097 377 2229 415 adeer-

230 455 311 480 sam
334 442 451 491 leym
476 454 501 479 a
525 454 584 478 me
608 442 653 479 ob
679 452 797 478 meam
821 440 1044 489 scripturam
1064 441 1249 489 pecudem
1275 440 1392 488 cepit,
1419 438 1534 475 Truc.
1563 436 1599 483 1,
1625 437 1663 483 2,
1691 437 1754 475 42.
1778 437 1808 486 ¹)
1836 451 1948 489 quam
1971 440 2157 490 (pallam)
2183 440 2231 476 ab

231 516 352 544 uxore
376 507 442 542 tna
466 500 695 553 surripuisti,
723 503 827 541 Men.
853 499 891 548 2,
919 499 957 549 3,
983 501 1047 540 42.
1074 515 1172 552 quae
1196 514 1254 539 me
1271 502 1399 550 civ-quit
1413 500 1525 538 Hanc
1550 499 1737 551 (pallam)
1764 501 1874 538 domo
1892 501 1939 538 ab
1956 514 1996 538 se
2011 504 2233 551 surripuisse

230 570 343 618 atque
368 565 556 605 abstulisse
580 566 741 611 ἀείκαὶ,
766 564 818 602 ib.
835 562 875 611 5,
891 562 929 612 2,
955 561 1019 603 63.
1046 563 1072 603 ά
1097 563 1311 615 Megaribus
1337 562 1415 601 Eas
1433 564 1498 614 qui
1523 564 1722 613 surripuit,
1749 563 1864 601 Poen.
1891 576 1949 614 pr.
1974 561 2030 603 86
2047 576 2103 613 sq.
2125 562 2158 613 ἵ)
2179 587 2226 594 -

230 628 288 666 iae·
313 629 491 667 diaeerunt
513 649 565 657 —
602 628 652 665 Te
677 627 887 677 quaeritare
919 627 1166 677 (hospitium)
1200 639 1226 664 a
1257 626 1404 663 nutscis.
1461 624 1504 663 C.
1532 626 1678 663 niinime
1709 626 1884 675 yonam
1936 625 1984 663 L.
2015 625 2123 669 Quid
2152 627 2231 664 ita?

235 689 277 730 C.
304 693 395 743 qnia
411 688 444 730 'a
469 691 604 728 muscis
628 691 663 727 si
687 691 739 727 mi
763 689 962 739 hospitium
988 699 1216 740 quaererem,
1242 688 1452 727 Adveniens
1478 690 1568 726 irem
1594 690 1634 726 in
1660 702 1845 726 carcerem
1871 694 1974 727 reem
1998 692 2080 733 via,
2113 690 2229 727 Poeu.

230 752 269 801 3,
296 752 334 801 3,
360 753 412 793 77
430 766 511 803 sqq.
533 751 562 801 ⁸)
589 775 643 782 -—
668 766 693 790 a
715 754 857 802 pistore
877 764 1016 802 panem
1037 753 1215 802 petimus,
1242 752 1346 789 Asin.
1376 749 1412 798 1,
1439 749 1476 799 3,
1492 749 1556 789 48.
1610 750 1724 789 Nunc
1741 752 1786 789 ab
1805 756 2002 790 &anserina
2018 752 2084 790 hie
2099 752 2232 790 tna-das

230 816 445 854 lumbricum
466 816 576 864 peut,
604 815 738 853 Bacch.
765 813 803 861 4,
829 813 868 861 6,
894 812 958 851 22.
1012 813 1098 852 Nae
1123 813 1186 851 ille
1210 813 1307 851 malo
1334 814 1484 864 quidem
1510 814 1557 851 ab
1584 827 1696 863 opere
1722 815 1928 863 exemplum
1959 817 2077 864 petit,
2113 815 2231 852 Most.

230 876 269 925 3,
295 877 333 924 2,
360 874 424 915 76.
476 877 583 914 Haec
608 889 700 914 vasa
724 898 779 906 —
803 876 933 913 iubebo
958 876 1025 913 abs
1051 880 1087 913 te
1107 877 1206 927 ped,
1235 877 1354 914 Merc.
1380 874 1419 922 4,
1444 874 1482 922 4,
1500 874 1564 913 41.
1609 877 1716 914 Haec
1734 878 1910 914 sacerdos
1926 877 2015 914 ltine
2032 890 2089 915 me
2100 882 2231 926 petere

231 941 342 978 iussit
364 953 389 977 a
414 940 516 977 vobis
542 952 695 989 aquam,
728 939 824 975 Rud.
851 937 896 984 2,
923 937 968 983 4,
996 937 1047 975 17
1069 936 1099 985 ⁴)
1136 939 1253 974 trilici
1285 939 1429 975 modios
1456 939 1583 975 decem
1610 939 1778 987 Rogare,
1812 941 1964 987 opinor,
2001 945 2038 976 te
2068 940 2154 977 volt.
2185 940 2232 977 G.

231 1014 351 1046 mene,
378 1001 425 1040 ab
451 1014 490 1040 se
515 1006 558 1039 ut
577 1001 728 1051 petam?
755 1001 875 1038 Stich.
902 998 938 1045 1,
964 997 1003 1044 3,
1029 997 1083 1038 99
1103 998 1138 1049 ⁶)
1165 1000 1309 1037 savium
1335 1001 1387 1037 sis
1407 1004 1496 1048 pete
1521 999 1610 1036 hinc
1635 1013 1660 1036 a
1686 1012 1752 1037 me.
1779 1012 1919 1050 nequeo
1946 1006 2062 1050 eaput
2079 1001 2230 1045 Tollere,

232 1064 345 1103 Truc.
371 1063 410 1111 2,
435 1062 474 1113 6,
500 1062 562 1102 44.
585 1063 617 1112 6)
644 1076 775 1101 aarum
800 1067 964 1112 repetam
989 1062 1036 1100 ab
1066 1062 1252 1100 Theotimo
1278 1063 1443 1106 domum,
1472 1063 1608 1100 Bacch.
1636 1061 1674 1109 4,
1702 1060 1739 1109 6,
1767 1062 1804 1101 7.
1831 1085 1885 1093 -
1910 1063 1983 1101 Ιιοο
2012 1069 2140 1113 petere
2174 1078 2234 1102 me

228 1129 404 1176 precario
436 1126 471 1163 A
503 1128 605 1164 vobis
637 1127 760 1167 iussit,
794 1126 930 1174 Amph.
957 1137 1014 1174 pr.
1042 1123 1105 1161 25.
1158 1124 1260 1162 Iusta
1291 1146 1344 1153 —
1376 1125 1423 1161 ab
1456 1126 1602 1161 iniustis
1628 1129 1758 1174 petere
1784 1125 2059 1174 insipientia'st,
2092 1128 2142 1163 ib.
2169 1124 2232 1164 36.

310 1284 339 1321 ¹)
361 1283 460 1324 vulg.
483 1280 634 1322 aceepit,
657 1280 758 1321 AOps
782 1279 926 1322 accipit,
948 1281 1052 1314 Goell.
1073 1282 1166 1313 Both.
1188 1291 1229 1312 ex
1250 1281 1396 1313 Char-isio
1419 1281 1507 1321 cepit
1529 1284 1561 1313 h.
1584 1284 1614 1313 d.
1636 1288 1733 1314 recte.

309 1335 340 1372 ²)
362 1335 461 1375 Vulg.
468 1332 684 1373 Magaribus,
698 1332 1043 1374 eumos‚1..1²ar.‚sed
1054 1335 1104 1364 ed.
1114 1331 1380 1373 pnmegaribuu
1398 1331 1542 1372 Megara
1554 1336 1727 1365 vocabatur
1733 1343 1807 1373 pars
1820 1335 1922 1373 ipsius
1929 1336 2018 1365 urbis
2027 1334 2230 1377 Carthaginis

360 1388 583 1428 pulcherrima,
609 1388 715 1425 itaque
732 1397 790 1426 pro
805 1388 876 1426 ipsa
892 1389 971 1419 urbe
984 1385 1178 1428 Cartbagine
1195 1387 1279 1417 dieta
1295 1387 1465 1417 existimari
1480 1387 1590 1426 debet3
1613 1396 1676 1424 qua
1691 1390 1732 1417 sit
1747 1389 1921 1424 quantitate
1936 1390 2014 1418 illud
2028 1390 2231 1428 vocabulum,

360 1450 436 1472 num
457 1441 650 1479 paenultima
671 1441 824 1478 producta
846 1448 887 1469 an
910 1443 1069 1481 correpta,
1098 1448 1139 1470 ex
1160 1441 1230 1478 ipso
1252 1440 1411 1469 vocabalo
1434 1440 1559 1470 ostendi
1587 1440 1714 1480 nequit3
1743 1441 1802 1470 sed
1824 1448 1921 1477 quum
1941 1441 2136 1478 reliquarum
2156 1450 2232 1480 par-

358 1495 436 1525 tium
458 1494 660 1533 Carthaginis
682 1494 824 1532 nomina,
847 1491 960 1521 Bursa
982 1497 1015 1524 et
1037 1491 1187 1528 Cothon,
1210 1493 1355 1524 Graecae
1377 1494 1442 1523 sint
1462 1494 1612 1533 originis,
1631 1502 1711 1523 ·nou
1734 1494 1842 1523 dubito
1865 1495 1942 1530 quin
1964 1495 2059 1524 etiam
2081 1491 2230 1532 Megara

359 1547 495 1585 caud-em
516 1549 548 1576 et
569 1546 723 1586 originem
744 1549 777 1576 et
798 1545 1003 1582 quantitatem
1024 1546 1158 1585 habeat,
1186 1553 1281 1582 quam
1300 1545 1410 1575 Attica
1432 1541 1591 1584 Megara.
1634 1545 1756 1576 Vitium
1784 1554 1861 1587 ergo
1889 1547 1976 1577 haud
1998 1547 2094 1577 dubie
2116 1547 2150 1576 in
2171 1554 2234 1577 vo-

360 1600 472 1630 cabulo
492 1597 625 1638 periere
645 1599 722 1629 latet
744 1602 776 1628 et
797 1599 882 1636 prior
902 1607 977 1635 pars
999 1606 1116 1629 versus
1139 1599 1309 1629 scribenda
1331 1603 1395 1628 est:
1420 1596 1503 1626 Cum
1519 1597 1653 1627 murice
1667 1606 1738 1627 ana
1750 1598 1949 1637 perier-mat,-
1971 1600 2149 1629 adnectitur
2163 1603 2230 1629 tum

359 1660 381 1680 a
406 1648 606 1689 Megaribus
628 1651 739 1680 eadem
761 1651 911 1687 prosodia
932 1654 964 1680 et
985 1651 1103 1689 forma,
1127 1659 1190 1686 qua
1211 1651 1295 1680 idem
1316 1651 1433 1690 legitur
1454 1651 1545 1680 Pers.
1568 1648 1598 1689 1,
1621 1647 1653 1689 3,
1669 1648 1720 1679 57.
1743 1651 1812 1680 Aut
1829 1652 2032 1681 statuendum
2055 1655 2105 1681 est
2120 1655 2231 1681 aucto-

360 1713 427 1734 rem
448 1703 533 1732 illius
555 1703 679 1742 prologi
699 1716 744 1723 —
764 1711 837 1732 nam
859 1703 899 1731 de
920 1703 1034 1732 Plauto
1056 1703 1126 1739 ipse
1149 1711 1242 1732 nemo
1265 1704 1406 1742 cogitare
1428 1704 1543 1739 poterit
1564 1718 1603 1724 —
1626 1711 1741 1732 revera
1764 1701 1965 1740 Megaribus
1993 1705 2149 1740 producta
2170 1712 2230 1732 an-

360 1755 586 1795 tepaenultima
614 1759 646 1786 et
671 1753 804 1793 periere
831 1755 1010 1792 scripsisse.
1053 1754 1136 1792 Hinc
1162 1763 1278 1786 vereor
1299 1764 1342 1785 ne
1363 1763 1427 1785 non
1448 1758 1536 1785 recte
1558 1755 1721 1792 scripserit
1741 1754 1798 1784 W.
1821 1752 2032 1794 magalibus,
2060 1764 2125 1793 qu
2145 1756 2229 1786 enim

359 1810 482 1840 rationo
502 1810 595 1848 virgo
617 1809 759 1847 ingenua
780 1808 886 1837 divitis
909 1807 1183 1846 Carthaginiensis
1204 1809 1239 1838 in
1259 1808 1396 1847 magalia
1417 1816 1489 1837 cum
1510 1808 1634 1838 nutrice
1655 1808 1832 1845 devenerit,
1855 1807 1985 1837 difficile
2001 1812 2051 1838 eat
2072 1809 2114 1837 ad
2129 1809 2231 1846 expli-

361 1862 508 1892 candum.
1794 1874 1800 1878 ·

315 1923 346 1961 ³)
366 1923 466 1964 Vulg.
491 1920 680 1953 Adveniens
701 1920 784 1959 ἤπιος
804 1923 863 1952 W.
887 1920 953 1951 hue
976 1920 982 1962 Ι
1010 1920 1217 1956 Αάυεπίονιος
1240 1923 1411 1953 delendum
1430 1923 1558 1953 videtur
1580 1921 1664 1959 hue,
1688 1931 1762 1952 nan
1784 1919 1946 1951 advenire
1968 1930 2065 1961 saepe
2088 1931 2152 1953 non
2175 1924 2234 1952 ad-

361 1977 427 2007 dito
449 1974 515 2019 huc
535 1976 589 2005 vel
612 1973 743 2003 domum
764 1976 812 2004 ‹le-
828 1976 1195 2016 domum-venientibus,
1223 1976 1432 2005 redeuntibus
1460 1979 1515 2005 aut
1539 1976 1671 2005 *omnino
1700 1976 1741 2005 de
1770 1976 1809 2003 iis
1839 1975 1893 2010 qui
1914 1975 1947 2003 in
1969 1976 2074 2004 locum
2096 1976 2233 2011 aliquem

360 2027 554 2067 perveniunt
574 2026 697 2057 dicitur.
741 2026 907 2057 Sententia
927 2026 989 2057 loci
1010 2027 1161 2065 impedita
1182 2030 1248 2069 est3
1272 2027 1326 2064 qui
1348 2027 1432 2057 enim
1454 2035 1476 2057 a
1497 2025 1621 2056 rauseis
1643 2027 1803 2066 explicant
1823 2026 1982 2057 intellecto
2005 2024 2159 2064 liberam,
2181 2027 2233 2058 fa-

361 2082 453 2111 cilem
475 2081 602 2116 quidem
622 2081 785 2110 intellectu
810 2081 875 2109 vim
902 2081 1044 2110 tribuunt
1071 2078 1194 2108 muscis
1215 2082 1236 2110 i.
1258 2088 1287 2110 e.
1309 2081 1489 2109 hominibus
1516 2081 1721 2119 importunis,
1751 2080 1913 2118 molestia,
1942 2080 2001 2109 aed
2027 2081 2233 2119 grammatica

360 2133 536 2171 impediunt
557 2132 661 2161 locum
684 2132 885 2171 difficultate,
913 2133 975 2160 nisi
997 2133 1232 2170 interpellatum
1254 2140 1329 2161 esse
1351 2140 1529 2162 sermonem
1551 2135 1702 2171 censent,
1732 2132 1776 2161 ita
1796 2135 1833 2161 ut
1853 2132 1928 2162 leno
1950 2129 2092 2160 liberum
2113 2133 2231 2163 addere

360 2186 516 2219 voluerit,
544 2185 604 2214 sed
625 2185 828 2214 festinatione
850 2184 1024 2219 Collybisci
1046 2185 1215 2221 impeditus
1239 2185 1395 2222 omiserit3
1423 2185 1519 2214 iidem
1542 2185 1702 2214 debebant
1730 2186 1825 2224 signa
1850 2185 2041 2221 interpellati
2073 2186 2229 2214 sermonis

361 2237 500 2268 adiicere
520 2240 594 2274 post
614 2234 747 2266 muscis.
792 2236 857 2265 Sed
879 2244 944 2265 uon
965 2236 1103 2266 cernitur
1123 2236 1157 2264 in
1179 2234 1360 2271 Collybisco
1382 2238 1470 2265 tanta
1491 2244 1598 2266 morae
1619 2236 1829 2274 impatientia,
1851 2239 1887 2264 ut
1908 2236 2079 2272 probabilis
2093 2237 2135 2266 sit
2149 2244 2229 2275 apo·

362 2289 516 2330 aiopesis3
537 2297 598 2319 nec
620 2288 737 2318 scimus
751 2289 912 2318 Romanos
935 2289 967 2318 in
990 2296 1136 2319 sermone
1158 2289 1339 2325 quotidiano
1360 2289 1525 2319 brevitatis
1546 2293 1609 2318 tam
1631 2289 1733 2318 ruisse
1749 2288 1928 2327 studiosos,
1950 2292 1987 2317 ut
2003 2296 2025 2316 a
2039 2287 2163 2318 rauseis
2178 2290 2229 2319 di-

363 2346 473 2374 cerem
494 2350 550 2380 pro
574 2349 596 2369 a
619 2349 660 2370 m.
684 2339 825 2369 liberum
846 2348 906 2371 uec
929 2349 950 2370 a
972 2342 1038 2371 vim
1058 2339 1396 2379 sineffpraepositionis
1419 2342 1612 2371 sustinuisse
1632 2341 1805 2371 verisimile
1828 2344 1888 2370 est.
1931 2341 2043 2377 ltaque
2067 2349 2089 2369 a
2105 2340 2229 2371 muscis

363 2395 410 2424 sic
421 2395 481 2424 erit
502 2394 760 2433 coniungentium
783 2401 853 2423 cum
876 2391 1097 2431 quaeritandi
1117 2395 1233 2434 verbo,
1256 2398 1292 2424 ut
1313 2395 1374 2423 hoc
1395 2394 1552 2424 notionem
1573 2391 1712 2432 petendi
1735 2394 1775 2422 ab
1789 2393 1894 2429 aliquo
1907 2393 1977 2423 sive
1992 2394 2078 2430 apud
2092 2393 2229 2429 aliquem

362 2451 500 2477 tueatur.
543 2448 623 2475 Tum
646 2454 724 2476 sane
746 2447 936 2486 ambiguitas
958 2447 991 2475 in
1011 2447 1131 2476 muscis
1154 2447 1216 2475 alia
1237 2450 1305 2487 est3
1327 2455 1391 2476 non
1411 2447 1536 2476 molesti
1559 2446 1665 2475 arbitri
1688 2449 1764 2475 sunt
1785 2446 1998 2485 intelligendi,
2021 2445 2096 2484 sed,
2119 2449 2155 2475 ut
2169 2446 2227 2476 W.

361 2499 477 2538 voluit,
499 2499 660 2530 mulieres.
703 2498 806 2537 Qum
826 2500 1010 2530 translatam
1031 2499 1295 2540 significationen
1317 2509 1380 2537 quo
1402 2502 1530 2538 probem
1553 2499 1696 2536 exemplo
1718 2507 1783 2529 uon
1805 2500 1905 2528 habeo
1927 2499 2072 2537 quidem3
2095 2500 2155 2529 sed
2176 2500 2229 2530 in-

362 2546 451 2592 genii
472 2552 691 2589 importunitas
722 2556 759 2581 ut
786 2553 982 2590 impudentia
1009 2560 1073 2582 non
1103 2554 1205 2583 minor
1233 2554 1267 2583 in
1294 2554 1511 2583 meretricibus
1534 2561 1628 2589 quam
1649 2553 1682 2582 iu
1703 2552 1849 2590 parasitis
1870 2551 1972 2581 fuisse
1994 2552 2137 2589 putanda
2159 2557 2229 2593 est,

362 2604 449 2634 uude
470 2612 586 2634 nomen
608 2611 789 2633 muscarum
811 2605 955 2642 accipere
977 2609 1121 2641 possent.
1164 2605 1275 2635 Utram
1302 2606 1542 2643 explicationem
1568 2605 1670 2644 magis
1693 2606 1804 2642 probet
1825 2611 2013 2640 responsum
2036 2602 2229 2645 Collybiaci‚

363 2665 439 2688 uum
453 2663 561 2686 carcer
582 2656 663 2687 liber
685 2657 837 2687 amussis
859 2657 957 2688 fuerit
978 2665 1018 2687 au
1040 2657 1184 2688 bestiolis
1206 2658 1270 2688 illis
1293 2659 1513 2697 abundaverit,
1537 2666 1576 2688 es
1597 2661 1659 2687 tam
1682 2657 1869 2695 scrupulosa
1891 2660 1941 2687 eat
1962 2665 2035 2696 res,
2057 2661 2095 2687 ut
2115 2666 2168 2688 me
2190 2659 2231 2688 ad

364 2708 517 2745 liquidum
539 2715 609 2737 eam
630 2709 857 2745 perducturum
879 2709 1058 2746 desperem.

313 2761 346 2800 ⁴)
365 2760 464 2800 Vulg.
486 2756 642 2795 sacerdos
669 2756 813 2789 Venerio.

314 2815 346 2853 ⁵)
366 2815 465 2855 Vulg.
487 2816 526 2843 ut
548 2811 590 2843 ab
612 2821 665 2847 se‚·
685 2811 799 2854 Aops,
820 2815 874 2845 Pr.
896 2816 936 2844 at
958 2813 1001 2844 ab
1019 2823 1102 2844 sese.
1334 2846 1337 2849 Α

314 2866 345 2905 ⁸)
366 2865 466 2906 Aep-
487 2864 567 2895 hinc
588 2863 775 2903 abneptem·
797 2866 820 2896 r.
842 2867 907 2906 leg.
929 2865 1009 2895 hine
1028 2869 1125 2905 petes
1153 2864 1219 2896 alt!
1241 2873 1365 2905 nequeo
1387 2874 1416 2894 e.
1442 2862 1480 2895 Τ.
