2704 3343
368 321 408 362 5.
459 321 622 368 Eadem,
639 332 748 370 quam
765 320 805 359 in
822 320 907 358 loco
924 318 1010 357 fieri
1027 317 1187 357 diximus
1204 318 1271 368 (cf.
1282 315 1339 367 2.)
1357 322 1482 357 motus
1499 318 1808 367 perpetuitatem,
1826 318 1873 355 ad
1889 322 2039 368 tempus
2056 317 2286 356 transfertur

291 385 502 434 indicatque
534 384 581 421 ab
613 384 844 434 praepositio
869 381 1037 430 incipere
1062 381 1222 430 aliquam
1248 381 1435 419 actionem
1461 393 1484 418 a
1507 383 1614 418 certo
1649 380 1808 428 quodam
1841 372 2014 429 tempore
2048 386 2088 419 et
2122 391 2286 431 pergere

289 458 409 497 usque
434 445 482 485 ad
507 446 606 485 aliud
631 449 778 485 certum
802 447 953 493 tempus
978 446 1043 482 aut
1066 443 1151 494 ipsa
1174 442 1232 481 ad
1254 441 1537 493 praepositione
1562 442 1770 480 accuratius
1796 441 1993 479 definitum
2018 445 2083 479 aut
2099 446 2203 480 certe
2220 453 2284 479 co-

289 509 470 560 gitatione
495 507 760 547 definiendum.
812 505 939 543 Etiam
963 505 1038 543 hoe
1063 505 1150 543 loeo
1174 515 1293 555 usque
1317 516 1433 554 saepe
1459 504 1618 541 additur.
1671 504 1757 541 Non
1783 505 1927 549 minus,
1954 508 1994 540 ut
2020 503 2068 540 ab
2093 505 2283 553 praeposi-

658 609 750 641 Nam
770 609 906 650 quando
926 608 1055 640 atera'la‘a
1076 611 1128 639 eat
1148 611 1302 646 amtor,
1322 608 1412 640 satie
1431 607 1464 639 ai
1484 607 1607 639 habere
1626 617 1663 639 ee
1683 611 1811 648 negat,

659 660 757 701 Quod
778 660 853 699 det,
874 659 979 691 autin’
1000 669 1062 691 nec
1080 658 1168 691 natio
1190 659 1392 701 accipimus,
1412 659 1501 691 nati·
1522 669 1642 700 quum,
1664 659 1753 700 quod
1774 659 1847 702 det,
1871 669 1939 692 non
1959 661 2087 694 habet?

413 722 481 749 tum
502 717 629 747 demum
649 715 810 756 senarios3
831 723 866 746 v.
886 711 940 746 29.
960 715 1053 746 Both.
1075 718 1108 746 et
1127 715 1186 746 W.
1208 715 1277 745 colo
1299 714 1501 755 distinguunt
1522 723 1542 745 a
1561 723 1595 745 v·
1616 711 1676 755 ³03
1698 723 1731 745 v.
1752 711 1795 745 ³2
1816 724 1836 745 a
1856 724 1889 746 v.
1910 713 1964 747 33.
1986 718 2190 749 distinctione
2214 726 2285 749 man

414 770 499 801 xima
519 769 613 800 etiam
633 767 738 800 Goon.
778 767 904 799 Nexum
932 768 1030 798 totius
1055 768 1130 807 loci*
1144 768 1234 798 solus
1262 768 1426 807 perspexit
1445 768 1577 798 Boetius
1599 768 1633 798 in
1653 769 1809 799 vertenda
1830 769 1890 799 bac
1911 770 2029 801 fabula.
2071 772 2105 802 Is
2127 772 2213 802 enim
2234 771 2286 801 di-

414 822 584 854 stinctione
603 822 739 853 maxima
758 822 793 852 in
813 821 878 851 fine
897 828 932 851 v.
952 816 1006 852 29.
1028 823 1158 852 servata
1177 821 1319 859 proxime
1336 823 1514 858 'sequentes
1536 821 1676 858 quinque
1697 830 1814 852 versus
1831 830 1897 853 uno
1912 824 2030 854 ambitu
2045 824 2287 862 comprehendit

415 875 656 912 sententiasque
682 874 846 912 aptissime
874 873 1039 904 coniunxit
1065 873 1125 903 itae
1151 872 1287 912 Quando
1314 876 1436 904 amator
1456 873 1571 911 opibus
1593 877 1644 904 est
1664 874 1818 911 spoliatus
1840 883 1901 905 nec
1921 876 1984 905 iam
2004 877 2101 906 babet
2122 876 2209 913 quod
2230 877 2286 907 det

413 936 477 960 nee
496 935 557 960 nos
577 930 708 966 propter
728 927 761 957 id
781 927 887 965 ipsum
908 926 986 957 satis
1008 925 1196 964 accipimus:
1217 934 1321 956 novos
1342 934 1403 957 nos
1425 929 1550 965 oportet
1570 927 1813 965 circumspicere
1834 928 1972 959 datores.
2014 928 2108 968 Quod
2128 933 2165 960 ut
2186 936 2285 960 sccu-

378 974 381 977 ”
418 981 520 1013 ratius
541 981 768 1020 perspiciatur,
791 981 863 1018 ipsa
883 980 954 1011 eiua
976 980 1078 1011 verba
1097 980 1130 1010 h.
1151 980 1173 1010 l.
1195 980 1418 1011 transcribam:

907 1030 1001 1064 §Dens
1023 1038 1113 1064 menn
1134 1031 1187 1064 ber
1206 1030 1331 1072 Butler
1349 1029 1547 1072 αηῐτιιῷιδαε
1567 1038 1609 1064 cn
1631 1030 1744 1064 &aben
1764 1031 1802 1071 ist

908 1083 976 1117 unt
997 1083 1080 1125 font,
1101 1090 1135 1116 er
1154 1081 1233 1125 bate
1253 1081 1350 1123 atam
1371 1090 1407 1124 au
1429 1082 1541 1124 geben,
1562 1083 1624 1116 aab
1646 1082 1706 1116 wit
1727 1083 1806 1124 aiot

910 1134 1023 1176 &enus
1045 1134 1201 1175 aboites,
1221 1134 1291 1167 weil
1313 1142 1346 1167 et
1365 1134 1445 1174 12th
1464 1142 1563 1176 genua
1585 1133 1679 1175 geben
1700 1134 1799 1174 tonus

909 1185 963 1220 ῦο
985 1185 1101 1227 mflfftu
1121 1185 1181 1219 wir
1200 1184 1275 1225 sets
1295 1193 1371 1219 nme
1392 1185 1495 1220 &eber
1514 1186 1633 1227 tuden,
1653 1186 1699 1220 tte

910 1237 1120 1279 mentiebatur
1140 1236 1203 1278 nub
1224 1237 1422 1279 aaronica
1444 1242 1504 1272 aus
1524 1239 1591 1272 tem
1613 1238 1713 1273 noum
1728 1239 1848 1281 Θῴαρ.

415 1295 465 1325 Ex
484 1294 546 1324 hoc
567 1296 631 1323 tam
652 1295 738 1323 arcto
761 1292 990 1323 sententiarum
1009 1300 1096 1323 nexu
1115 1293 1300 1323 necessario
1315 1293 1473 1333 sequitur,
1496 1301 1644 1323 numeros
1659 1302 1786 1331 quoque
1800 1295 1930 1325 eosdem
1945 1303 2019 1326 esse
2033 1296 2163 1336 debere,
2185 1304 2284 1334 quum

413 1346 599 1378 variationis
620 1354 719 1377 causa
738 1354 804 1376 non
824 1345 1015 1376 inveniatur.
1056 1344 1122 1376 Vv.
1142 1340 1293 1377 26—29.
1314 1346 1452 1377 vividior
1473 1346 1600 1383 quidam
1621 1350 1671 1378 est
1692 1347 1779 1377 color
1793 1348 1966 1388 sermonis3
1986 1348 2099 1379 mulier
2113 1348 2198 1379 enim
2210 1357 2284 1380 mu·

414 1400 511 1430 lieres
533 1399 690 1429 adversus
712 1398 945 1428 criminationes
965 1400 1107 1427 virorum
1128 1398 1272 1428 studiose
1293 1399 1454 1436 detendit3
1480 1400 1544 1429 iam
1565 1407 1585 1429 a
1604 1408 1637 1429 v.
1658 1395 1711 1429 30.
1734 1400 1892 1429 sedatiore
1919 1408 2067 1430 sermone
2088 1409 2203 1430 causas
2225 1403 2284 1432 de-

414 1451 571 1482 fensionis
593 1450 755 1490 proponit,
785 1458 842 1480 cur
873 1450 990 1480 iniuria
1017 1450 1080 1480 viri
1106 1453 1280 1488 querantur
1308 1451 1350 1481 de
1376 1451 1573 1482 mulieribus.
1603 1450 1708 1490 'Quae
1736 1452 1834 1492 igitur
1855 1460 1954 1482 causa
1973 1452 2085 1483 mutati
2107 1454 2231 1484 numeri
2251 1454 2285 1484 in

413 1512 448 1534 v.
468 1500 522 1534 30.
543 1506 628 1543 erat,
660 1511 700 1533 ea
719 1511 785 1532 non
806 1505 856 1532 est
876 1502 911 1532 in
931 1502 1153 1540 sequentibus.
1194 1503 1262 1533 lam
1282 1506 1319 1533 ut
1339 1503 1381 1533 ad
1403 1504 1531 1544 singula
1550 1507 1769 1544 transeamus,
1797 1505 1889 1541 plura
1918 1508 1995 1535 sunt
2020 1506 2062 1536 de
2092 1507 2208 1542 quibus
2235 1506 2286 1536 di-

415 1559 561 1594 sceptare
581 1554 693 1594 liceat3
714 1563 815 1586 versu
836 1554 921 1585 enim
941 1549 995 1586 29.
1016 1555 1116 1595 vulgo
1138 1551 1256 1594 Neque
1273 1552 1335 1594 pal
1354 1554 1443 1585 caue
1464 1553 1657 1595 accep-'mm
1677 1562 1784 1594 neque
1798 1553 1873 1586 ailla
1887 1555 1975 1586 satta
1989 1555 2147 1597 poposcit
2167 1557 2285 1599 leg-itur

415 1608 572 1646 corruptis
592 1607 749 1646 numeris,
771 1609 878 1636 tamen
900 1607 1043 1636 servavit
1064 1606 1186 1646 (3er3
1207 1607 1266 1637 W.
1286 1604 1404 1644 Neque
1420 1605 1483 1645 pdl
1502 1614 1565 1635 nos
1584 1605 1673 1635 edcta
1694 1615 1761 1635 acc.
1771 1627 1783 1642 ,
1812 1608 1905 1638 Both.
1928 1606 2044 1646 Neque
2066 1607 2130 1647 1³61
2149 1607 2284 1648 accepi-

414 1658 488 1689 mnia
509 1657 612 1693 satin
633 1666 805 1697 possumus
827 1659 945 1688 addere
967 1655 1084 1695 Neque
1104 1655 1224 1696 edepol
1242 1654 1330 1687 natio
1350 1655 1560 1697 accepimus,
1582 1666 1655 1687 nam
1676 1656 1796 1697 edepol
1816 1663 1849 1689 et
1866 1658 1928 1698 pol
1941 1668 2006 1690 non
2020 1668 2092 1689 raro
2107 1661 2283 1691 miscentur

415 1720 435 1743 a
454 1711 601 1742 librariis.
642 1711 685 1740 V.
706 1706 759 1740 31.
781 1718 934 1739 summam
955 1712 1046 1748 parat
1067 1708 1283 1739 difficultatem
1303 1716 1368 1739 vox
1388 1707 1455 1738 noli
1476 1717 1547 1739 cum
1568 1710 1736 1740 manifesta
1757 1710 1889 1751 lacuna,
1910 1712 1969 1742 W.
1990 1712 2126 1742 lacunae
2140 1713 2235 1753 sigua
2249 1717 2283 1744 et

414 1766 476 1794 hoc
501 1771 603 1794 versu
624 1766 656 1793 et
675 1771 709 1792 v·
731 1759 784 1792 3⁰.
806 1763 966 1801 servavit,
993 1762 1048 1791 ubi
1068 1762 1169 1800 vulgo
1190 1762 1278 1790 illats
1303 1764 1379 1791 sunt
1396 1760 1667 1800 pernoctandum
1688 1765 1739 1793 cat
1761 1767 1794 1793 et
1815 1761 1986 1802 improbus
2006 1766 2069 1794 cat.
2111 1764 2282 1796 Goellerus

416 1815 542 1847 omissis
563 1815 615 1846 bis
637 1815 858 1845 additamentis
881 1813 975 1844 etiam
995 1810 1062 1842 aolt'
1083 1813 1176 1843 eiecit
1197 1816 1230 1843 et
1249 1812 1294 1842 ita
1313 1821 1347 1843 v-
1367 1809 1410 1843 31
1432 1821 1481 1850 sq.
1503 1814 1648 1852 scripsit:

908 1862 950 1894 Sa·
969 1863 1057 1894 sdts‘s
1078 1866 1187 1903 negat
1206 1872 1243 1893 se
1264 1861 1389 1894 habere
1408 1863 1497 1902 quod
1518 1863 1594 1901 det,
1615 1864 1679 1894 πέο
1698 1863 1786 1895 satia

913 1914 1128 1957 Accdpimus,
1150 1914 1238 1946 naun
1259 1924 1334 1946 cum
1354 1913 1443 1955 quod
1463 1913 1538 1953 det,
1562 1915 1631 1946 non
1652 1914 1765 1948 habet.

417 1974 502 2011 quod
522 1975 674 2010 quantum
696 1980 716 2001 a
735 1979 815 2001 vero
845 1972 990 2001 aberreat
1015 1978 1076 2000 nec
1103 1973 1210 2000 tamen
1239 1977 1298 2008 per
1319 1976 1468 2000 numeros
1490 1971 1701 2001 commendari
1722 1971 1840 2011 possit,
1870 1979 1935 2002 non
1964 1980 2045 2010 opus
2068 1976 2118 2003 est
2138 1973 2284 2011 pluribus

415 2026 602 2065 ostendere3
631 2024 719 2055 nulla
740 2025 825 2054 enim
846 2027 897 2054 est
917 2030 1016 2053 causa
1037 2030 1094 2052 cur
1115 2019 1301 2061 accipimus
1320 2022 1355 2052 in
1376 2020 1567 2062 accepimus
1587 2026 1742 2063 mutetur,
1772 2032 1833 2054 nec
1853 2025 1940 2055 unde
1961 2025 2102 2055 mirabile
2123 2026 2204 2056 illud
2223 2034 2285 2056 vo-

416 2078 563 2109 cabulum
583 2074 649 2106 nola·
667 2076 831 2114 irrepserit
852 2076 1036 2113 explicstur.
1078 2074 1231 2105 Fortasse
1252 2075 1446 2104 servandum
1467 2078 1518 2104 est
1530 2072 1613 2111 wli,
1636 2076 1679 2105 ita
1693 2079 1729 2105 ut
1743 2078 1902 2107 sententia
1916 2079 2070 2115 quaedam
2086 2079 2281 2117 adnectatur,

420 2138 503 2167 quae
525 2137 596 2159 cum
617 2128 748 2164 reliquis
770 2131 844 2165 apte
866 2126 1016 2165 coniungi
1037 2126 1140 2163 possit
1160 2133 1373 2164 numerosque
1395 2125 1541 2166 expleat3
1564 2127 1605 2155 ad
1626 2130 1752 2165 tempus
1774 2130 1853 2158 nibil
1866 2130 1978 2158 melius
1996 2131 2028 2159 in
2044 2134 2179 2159 mentem
2192 2131 2284 2160 venit

418 2190 513 2219 quam
541 2178 607 2211 soli
631 2182 678 2209 ut
704 2177 765 2209 ait
795 2175 878 2209 sibi
907 2178 928 2209 i.
951 2186 980 2209 e.
1000 2180 1037 2208 ut
1057 2177 1146 2208 solus
1168 2176 1299 2207 amicam
1319 2176 1437 2207 babeat
1455 2177 1588 2215 reliquis
1608 2172 1801 2209 'amatoribus
1823 2180 1935 2217 pulsis.
1977 2180 2142 2210 Eiusmodi
2169 2182 2282 2211 condi·

416 2235 534 2264 tionem
561 2233 747 2271 plerumque
775 2232 889 2260 dictam
919 2238 993 2260 esse
1019 2230 1138 2259 amicae
1165 2230 1204 2258 ab
1226 2232 1366 2259 amatore
1387 2232 1419 2259 et
1444 2230 1492 2259 rei
1519 2234 1651 2260 naturae
1674 2235 1922 2261 consentaneum
1943 2236 1994 2261 est
2015 2236 2057 2271 et,
2081 2234 2109 2262 si
2130 2234 2280 2264 Plautino

416 2286 614 2325 probandum
635 2289 685 2316 est
706 2284 867 2324 exemplo,
891 2283 968 2314 satis
989 2282 1168 2314 luculenter
1188 2284 1320 2320 spparet
1340 2290 1380 2313 ex
1399 2280 1493 2312 Asin.
1514 2279 1547 2323 4,
1570 2277 1606 2323 13
1628 2285 1694 2313 tota
1715 2283 1799 2313 enim
1820 2292 1919 2314 scena
1938 2291 2092 2315 versuum
2113 2286 2283 2328 sexagints

418 2342 566 2377 quattuor
586 2338 677 2379 leges
699 2336 884 2376 perscribit,
915 2343 997 2372 quae
1019 2336 1058 2365 ab
1081 2338 1219 2365 amatore
1248 2334 1406 2364 acerrimis
1434 2333 1549 2363 amoris
1571 2335 1704 2364 stimulis
1727 2337 1845 2375 agitato
1867 2337 1988 2367 amicae
2010 2336 2168 2368 dicuntur.
2210 2339 2282 2369 Hoc

416 2396 523 2423 autem
542 2392 613 2422 loco
635 2399 699 2421 non
720 2394 771 2421 est
786 2398 888 2420 sermo
911 2389 951 2419 de
972 2391 1111 2419 amatore
1132 2387 1259 2418 omnino
1279 2388 1491 2428 removendo,
1512 2388 1546 2418 in
1567 2388 1657 2418 cuius
1678 2389 1784 2419 locum
1805 2398 1911 2420 novus
1925 2390 2111 2430 recipiatur,
2134 2392 2194 2422 sed
2209 2393 2279 2431 qui,

415 2447 583 2483 postquam
604 2444 688 2474 bona
709 2451 769 2473 sua
789 2442 894 2473 omnia
914 2441 1032 2472 amicae
1054 2440 1200 2481 donavit,
1221 2443 1351 2479 propter
1370 2448 1516 2481 magnam
1536 2440 1569 2470 iu
1584 2448 1647 2477 qua
1663 2444 1714 2471 est
1728 2442 1813 2479 apud
1828 2442 1956 2472 amicam
1969 2442 2072 2481 gratia
2086 2441 2282 2472 consiliaria·

417 2500 504 2526 certe
525 2497 617 2526 amici
638 2504 755 2525 munus
776 2496 892 2524 retinet
912 2494 971 2530 (cf.
992 2502 1025 2523 v.
1047 2491 1068 2523 5
1090 2495 1174 2533 sq.)3
1202 2501 1276 2523 eum
1302 2502 1361 2530 par
1387 2497 1437 2523 est
1464 2494 1529 2531 pati
1550 2494 1590 2522 ab
1613 2494 1714 2523 amica
1735 2495 1829 2524 alium
1851 2494 1911 2524 etsi
1933 2502 1997 2523 non
2027 2498 2219 2534 amatorem,
2248 2501 2282 2527 at

417 2545 569 2578 datorem
596 2552 703 2579 umen
729 2548 884 2578 bonorum
910 2546 995 2587 eligi.
1037 2546 1080 2577 V.
1101 2542 1154 2577 33.
1183 2546 1337 2586 vulgatus
1363 2546 1534 2576 verborum
1554 2546 1632 2576 ordo
1653 2546 1789 2577 intactus
1812 2549 1861 2577 est
1881 2545 2127 2587 relinquendus3
2159 2551 2282 2579 temere

395 2611 397 2614 ’
416 2601 612 2638 transposuit
631 2601 724 2631 Both.
768 2598 882 2629 Nova·
904 2597 1040 2628 datore·
1060 2598 1191 2637 semper
1212 2607 1269 2637 pro
1292 2597 1327 2629 S.
1351 2596 1383 2628 d.
1407 2606 1441 2627 n.
1450 2619 1462 2634 ‚
1485 2600 1603 2637 quippe
1625 2607 1721 2635 quum
1744 2607 1845 2627 novos
1867 2599 2120 2635 monosyllabum
2134 2600 2192 2640 sit,
2214 2602 2281 2632 Bo-

416 2654 525 2685 thiana
545 2656 651 2683 autem
671 2652 917 2691 transpositione
939 2660 1074 2683 caesura
1092 2652 1248 2682 laedstur.
1289 2652 1331 2682 V.
1353 2647 1406 2683 34.
1428 2651 1579 2682 dubitatio
1601 2654 1651 2682 est
1671 2652 1712 2682 de
1733 2649 1869 2681 demunt
1888 2652 2065 2692 vocabu103
2088 2650 2174 2683 nee.
2196 2655 2280 2686 euim

417 2705 527 2746 Parei,
548 2702 596 2735 82
618 2702 752 2739 demun
772 2705 826 2734 Pr.
848 2702 951 2740 dona,
972 2705 1065 2735 Both.
1086 2701 1233 2739 donuin-
1253 2705 1382 2734 videtur
1401 2705 1537 2744 vulgata
1556 2705 1715 2735 servanda
1735 2712 1821 2733 esse.

367 2759 402 2797 ⁴)
421 2760 522 2799 Vulg.
543 2759 594 2789 cst
615 2755 803 2795 ἰπιρτοῠιιες
838 2755 939 2795 AOps
961 2755 1101 2787 timidus
1120 2758 1172 2787 est
1194 2748 1382 2797 improbus,
1409 2758 1495 2794 quod
1519 2758 1605 2788 unde
1633 2758 1675 2787 sit
1704 2757 1925 2795 explicandum
1952 2766 2018 2789 non
2044 2759 2158 2791 babeo.
2201 2760 2278 2792 Sine

418 2819 516 2843 causa
534 2810 627 2842 Both.
648 2810 734 2840 hunc
754 2817 886 2840 versum
908 2809 1103 2841 octonarium
1124 2810 1316 2841 trochaicum
1337 2809 1426 2840 fecit:
1449 2808 1562 2839 tdmen
1584 2806 1626 2837 ab
1649 2806 1812 2847 ingenia
1833 2807 1863 2839 is
1884 2808 1996 2839 mulus
2017 2813 2081 2841 cat.
